% Bibliography file for CogniMind project
% Add your references here when needed